<?xml version="1.0" encoding="UTF-8"?><collection><record><leader>07313ntm a2200625 a 4500</leader><controlfield tag="001">006822527</controlfield><controlfield tag="003">MiAaHDL</controlfield><controlfield tag="005">20190719000000.0</controlfield><controlfield tag="006">m        d        </controlfield><controlfield tag="007">cr bn ---auaua</controlfield><controlfield tag="008">090624s1765    xx            00| ||ota d</controlfield><datafield tag="035" ind1=" " ind2=" "><subfield code="a">(MiU)006822527</subfield></datafield><datafield tag="035" ind1=" " ind2=" "><subfield code="a">sdr-miu006822527</subfield></datafield><datafield tag="040" ind1=" " ind2=" "><subfield code="a">MiU</subfield><subfield code="c">MiU</subfield><subfield code="e">amremm</subfield></datafield><datafield tag="041" ind1="0" ind2=" "><subfield code="a">ota</subfield><subfield code="a">per</subfield></datafield><datafield tag="043" ind1=" " ind2=" "><subfield code="a">n-us-mi</subfield></datafield><datafield tag="100" ind1="0" ind2=" "><subfield code="6">880-01</subfield><subfield code="a">Nusret,</subfield><subfield code="d">-1795.</subfield></datafield><datafield tag="245" ind1="1" ind2="0"><subfield code="6">880-03</subfield><subfield code="a">Şerhü't-Tâiye min Divan-ı Saib,</subfield><subfield code="f">[1178?, i.e. 1765?].</subfield></datafield><datafield tag="246" ind1="3" ind2=" "><subfield code="i">Title from inscription in pencil on second flyleaf at opening:</subfield><subfield code="a">Comment of Abu Bakr Nuṣrat on Dīvān of Sāʼib</subfield></datafield><datafield tag="246" ind1="3" ind2=" "><subfield code="i">Title from colophon:</subfield><subfield code="a">ترجمة التائية</subfield></datafield><datafield tag="246" ind1="3" ind2=" "><subfield code="i">Edge title (head):</subfield><subfield code="a">شرح تائيه لصائب افندى</subfield></datafield><datafield tag="246" ind1="3" ind2=" "><subfield code="a">Sharḥ al-Tāʼīyah min Dīvān-i Ṣāʼib</subfield></datafield><datafield tag="246" ind1="3" ind2=" "><subfield code="a">شرح التائية من ديوان صائب</subfield></datafield><datafield tag="260" ind1=" " ind2=" "><subfield code="c">[1765?].</subfield></datafield><datafield tag="300" ind1=" " ind2=" "><subfield code="a">360 leaves :</subfield><subfield code="b">paper ;</subfield><subfield code="c">222 x 170 (170 x 95) mm.</subfield></datafield><datafield tag="500" ind1=" " ind2=" "><subfield code="a">Shelfmark: Ann Arbor, University of Michigan, Special Collections Library, Isl. Ms. 408</subfield></datafield><datafield tag="500" ind1=" " ind2=" "><subfield code="a">Origin: As appears in colophon at close, copied by the author Ebu Bekir Nusret with transcription completed 9 Dhū al-Ḥijjah (Yawm ʻArafāt) 1178 [ca. 30 May 1765].</subfield></datafield><datafield tag="500" ind1=" " ind2=" "><subfield code="a">Former shelfmark: "128 T. De M. [i.e. Tammaro De Marinis]" inscribed in pencil on verso of front flyleaf.</subfield></datafield><datafield tag="500" ind1=" " ind2=" "><subfield code="a">Binding: Pasteboards covered in dark red leather ; Type II binding (with flap) ; likely originally two-piece binding ; pastedowns and flyleaves in olive green-tinted, silver-flecked laid paper ; upper and lower covers carry gold-painted (over black inlays) mandorla, pendants, and cornerpieces all filled with vegetal compositions and set off with gold-tooled rosette accents, as well as border of similar gold-painted vegetal composition (on light brown recessed inlays) defined by tooled guilloché rolls and gold-painted fillets ; design continues on envelope flap ; edges of text block gold-painted with vegetal designs ; sewn in dark pink thread, two stations ; worked chevron endbands in dark pink and brown with gold filaments ; overall in fairly good condition with minor abrasion, etc. ; University Library conservation treatment (December 2012) with repairs in maroon Japanese paper to spine (rebacked) and fore edge flap (outer joints and interior) as well as inner hinges (original hinges removed and replaced with olive-green Japanese paper), etc., native repairs to spine and fore edge flap removed ; housed in custom box for protection.</subfield></datafield><datafield tag="500" ind1=" " ind2=" "><subfield code="a">Support: European laid paper mainly a type with 11-12 laid lines per cm. (vertical), chain lines spaced 23-25 mm. apart (horizontal), and watermarks of names (see pp.26, 50, 270, etc.) and horn in shield with crown above and figure "4" and initials below (see pp.22, 30, 38, 30, 274, etc.) ; minor foxing.</subfield></datafield><datafield tag="500" ind1=" " ind2=" "><subfield code="a">Decoration: Illuminated headpiece (ʻunwān / sarlawḥ) at opening consisting of rectangular piece carrying the basmalah, surmounted by piece evoking row of scalloped domes filled with swirling floral vegetal decoration in gold, pink, white, lavender, light blue, yellow, orange, etc. on fields of gold and blue, itself surmounted by vertical stalks (tīgh) in blue with red accents and set in a well of pink with white accents ; written area of incipit and facing page surrounded by marginal decoration in a swirling vegetal pattern of gold with red accents, with text of written area set off by gold cloud-bands ; written area throughout surrounded by gold frame defined by black fillets with outermost red rule ; keywords and text being elucidated rubricated ; textual dividers in the form of gold discs ; occasional overlining in red ; illuminated tailpiece consisting of vegetal composition in gold surrounding colophon.</subfield></datafield><datafield tag="500" ind1=" " ind2=" "><subfield code="a">Script: Naskh-nastaʻlīq (talik) ; somewhat quick and compact Turkish hand in a heavy line ; serifless and rounded with slight effect of words descending to baseline (occasionally more exaggerated), elongation of horizontal strokes, mainly closed counters, free assimilation of letters, pointing in strokes rather than distinct dots.</subfield></datafield><datafield tag="500" ind1=" " ind2=" "><subfield code="a">Layout: Written in 19 lines per page ; frame-ruled.</subfield></datafield><datafield tag="500" ind1=" " ind2=" "><subfield code="a">Collation: ii, 36 V(360), ii ; exclusively quinions ; catchwords present ; quire numbering in the form of whole words (i.e. "جزء رابع مقطوع") appearing in the upper outer corner of the recto of the opening leaf (partially cut off in many cases) for six quires near the center of the volume (see pp.201, 221, 241, 261, 281, 301) ; pagination in pencil, Western numerals, supplied during cataloguing.</subfield></datafield><datafield tag="500" ind1=" " ind2=" "><subfield code="a">Colophon: "Scribal," triangular, reads "تمت ترجمة التائية على يد مترجمه الفقير اليه سبحانه ابو بكر نصرت نصره الله فى الدارين وذلك يوم الاربعا وهو يوم العرفة من ذى الحجة الحرام سنة ثمانى وسبعين ومائة والف من هجرة من له العز والشرف تم"</subfield></datafield><datafield tag="500" ind1=" " ind2=" "><subfield code="a">Explicit: "عفو ايليوب قبرين روضۀ جنان ايليه سبحانك اللهم وبحمدك اشهد ان لا اله الا انت استغفرك واتوب اليك"</subfield></datafield><datafield tag="500" ind1=" " ind2=" "><subfield code="a">Incipit: "الحمد لله الذى سخر نظام عالم الالفاظ للطبائع الموزونة ... اما بعد معلوم اوله كه بو مبتلاى شبايك كثرت يعنى ابو بكر نصرت مقدما ديوان صايب مذاكره سيله بر مدت اشتغال ضمننده الف قافيه سندن وافر غزللر ترجمه ايدوب تسويددن اخراجنه وقتم مساعده ايتمديكندن شاكر دل</subfield></datafield><datafield tag="500" ind1=" " ind2=" "><subfield code="a">Title supplied by cataloguer.</subfield></datafield><datafield tag="500" ind1=" " ind2=" "><subfield code="a">Ms. codex.</subfield></datafield><datafield tag="520" ind1="8" ind2=" "><subfield code="a">Elegant, apparently autograph copy of the elucidation (or loose translation, ترجمه ) in Turkish by Ebu Bekir Nusret (d.1795), of al-Tāʼīyah, selected poems in tāʼ from the Dīvān of Ṣāʼib (d. between 1080/1669-70 and 1088/1677-8).</subfield></datafield><datafield tag="538" ind1=" " ind2=" "><subfield code="a">Mode of access: Internet.</subfield></datafield><datafield tag="541" ind1=" " ind2=" "><subfield code="c">Purchase ;</subfield><subfield code="a">Acquired by purchase (funds donated by Horace Rackham).</subfield><subfield code="d">1924.</subfield></datafield><datafield tag="546" ind1=" " ind2=" "><subfield code="a">Ottoman Turkish and Persian.</subfield></datafield><datafield tag="561" ind1=" " ind2=" "><subfield code="a">Possible former inventory marks on upper pastedown ; former owners' mark in name of one Muṣṭafá Ṭālib ( مصطفى طالب / Mustafa Talip ) on 'title page' (p.1) ; occasional glosses and marginal corrections (with signes de renvoi) ; rare notabilia (side-heads).</subfield></datafield><datafield tag="600" ind1="1" ind2="0"><subfield code="a">Ṣāʼib Tabrīzī, Muḥammad ʻAlī,</subfield><subfield code="d">d. ca. 1670.</subfield><subfield code="t">Dīvān.</subfield><subfield code="k">Selections.</subfield></datafield><datafield tag="650" ind1=" " ind2="0"><subfield code="a">Manuscripts, Persian</subfield><subfield code="z">Michigan</subfield><subfield code="z">Ann Arbor.</subfield></datafield><datafield tag="650" ind1=" " ind2="0"><subfield code="a">Manuscripts, Turkish</subfield><subfield code="z">Michigan</subfield><subfield code="z">Ann Arbor.</subfield></datafield><datafield tag="650" ind1=" " ind2="0"><subfield code="a">Persian poetry</subfield><subfield code="y">1500-1796</subfield><subfield code="x">History and criticism.</subfield></datafield><datafield tag="655" ind1=" " ind2="7"><subfield code="a">Headpieces (layout features)</subfield><subfield code="y">18th century.</subfield><subfield code="2">aat</subfield></datafield><datafield tag="700" ind1="0" ind2=" "><subfield code="a">Abdülhamid</subfield><subfield code="b">II,</subfield><subfield code="c">Sultan of the Turks,</subfield><subfield code="d">1842-1918,</subfield><subfield code="e">former owner.</subfield></datafield><datafield tag="700" ind1="0" ind2=" "><subfield code="6">880-07</subfield><subfield code="a">Nusret,</subfield><subfield code="d">-1795.</subfield><subfield code="e">scribe.</subfield></datafield><datafield tag="773" ind1="0" ind2=" "><subfield code="a">Abdul Hamid Collection.</subfield></datafield><datafield tag="880" ind1="0" ind2=" "><subfield code="6">700-07/</subfield><subfield code="a">نصرت,</subfield><subfield code="e">ناسخ.</subfield></datafield><datafield tag="880" ind1="1" ind2="0"><subfield code="6">245-03/</subfield><subfield code="a">شرح التائيه من ديوان صايب,</subfield><subfield code="f">[1178ه؟, 1765م؟].</subfield></datafield><datafield tag="880" ind1="0" ind2=" "><subfield code="6">100-01/</subfield><subfield code="a">نصرت.</subfield></datafield><datafield tag="CID" ind1=" " ind2=" "><subfield code="a">006822527</subfield></datafield><datafield tag="DAT" ind1="0" ind2=" "><subfield code="a">20190719102640.0</subfield><subfield code="b">20190719000000.0</subfield></datafield><datafield tag="DAT" ind1="1" ind2=" "><subfield code="a">20190719090653.0</subfield><subfield code="b">2019-07-19T16:12:14Z</subfield></datafield><datafield tag="DAT" ind1="2" ind2=" "><subfield code="a">2015-10-02T18:00:03Z</subfield></datafield><datafield tag="CAT" ind1=" " ind2=" "><subfield code="a">SDR-MIU</subfield><subfield code="d">EX LIBRIS - ALEPH</subfield><subfield code="l">prepare.pl-004-008</subfield></datafield><datafield tag="FMT" ind1=" " ind2=" "><subfield code="a">BK</subfield></datafield><datafield tag="HOL" ind1=" " ind2=" "><subfield code="0">sdr-miu006822527</subfield><subfield code="a">MiU</subfield><subfield code="b">SDR</subfield><subfield code="c">MIU</subfield><subfield code="p">mdp.39015079130756</subfield><subfield code="s">MIU</subfield><subfield code="1">006822527</subfield></datafield><datafield tag="974" ind1=" " ind2=" "><subfield code="b">MIU</subfield><subfield code="c">MIU</subfield><subfield code="d">20190719</subfield><subfield code="s">lit-dlps-dc</subfield><subfield code="u">mdp.39015079130756</subfield><subfield code="y">1765</subfield><subfield code="r">pd</subfield><subfield code="q">bib</subfield><subfield code="t">non-US bib date1 &lt; 1896</subfield></datafield></record></collection>